<?xml version="1.0" encoding="UTF-8"?><record xmlns="http://www.loc.gov/MARC21/slim" xmlns:cinclude="http://apache.org/cocoon/include/1.0" xmlns:zs="http://www.loc.gov/zing/srw/">
  <leader>00451nz  a2200145n  4500</leader>
  <controlfield tag="001">n 2001007523</controlfield>
  <controlfield tag="003">DLC</controlfield>
  <controlfield tag="005">20010411145831.0</controlfield>
  <controlfield tag="008">010411n| acannaabn          |a aaa      </controlfield>
  <datafield tag="010" ind1=" " ind2=" ">
    <subfield code="a">n 2001007523</subfield>
  </datafield>
  <datafield tag="040" ind1=" " ind2=" ">
    <subfield code="a">DLC</subfield>
    <subfield code="b">eng</subfield>
    <subfield code="c">DLC</subfield>
  </datafield>
  <datafield tag="100" ind1="1" ind2=" ">
    <subfield code="a">Turin, Hans,</subfield>
    <subfield code="d">1948-</subfield>
  </datafield>
  <datafield tag="400" ind1="1" ind2=" ">
    <subfield code="a">Turin, H.</subfield>
    <subfield code="q">(Hans),</subfield>
    <subfield code="d">1948-</subfield>
  </datafield>
  <datafield tag="670" ind1=" " ind2=" ">
    <subfield code="a">De Nederlandse loopkevers, 2000:</subfield>
    <subfield code="b">t.p. (Hans Turin) jkt. (b. 1948)</subfield>
  </datafield>
  <datafield tag="670" ind1=" " ind2=" ">
    <subfield code="a">LC database, Apr. 11, 2001:</subfield>
    <subfield code="b">(hdg.: Turin, Hans; usage: H. Turin)</subfield>
  </datafield>
</record>